@BOOK{Szeliski2011,
  doi = {10.1007/978-1-84882-935-0},
  url = {https://doi.org/10.1007/978-1-84882-935-0},
  year = {2011},
  publisher = {Springer London},
  author = {Szeliski, Richard},
  title = {Computer Vision: Algorithms and Applications},
  booktitle ={Texts in Computer Science},
  Copyright={Springer Nature Switzerland AG 2022},
  edition={Second},
  pages={925}
}

@ARTICLE{Goodfellow2014-cu,
  title         = "Generative Adversarial Networks",
  author        = "Goodfellow, Ian J and Pouget-Abadie, Jean and Mirza, Mehdi
                   and Xu, Bing and Warde-Farley, David and Ozair, Sherjil and
                   Courville, Aaron and Bengio, Yoshua",
  month         =  jun,
  year          =  2014,
  copyright     = "http://arxiv.org/licenses/nonexclusive-distrib/1.0/",
  journal = "arXiv",
  primaryClass  = "stat.ML",
  eprint        = "1406.2661"
}

@ARTICLE{Zhang2016-pu,
  title         = "{StackGAN}: Text to photo-realistic image synthesis with
                   Stacked Generative Adversarial Networks",
  author        = "Zhang, Han and Xu, Tao and Li, Hongsheng and Zhang, Shaoting
                   and Wang, Xiaogang and Huang, Xiaolei and Metaxas, Dimitris",
  month         =  dec,
  year          =  2016,
  copyright     = "http://arxiv.org/licenses/nonexclusive-distrib/1.0/",
  journal = "arXiv",
  primaryClass  = "cs.CV",
  eprint        = "1612.03242"
}

@ARTICLE{Zantalis2019-cl,
  title     = "A review of Machine Learning and {IoT} in smart transportation",
  author    = "Zantalis, Fotios and Koulouras, Grigorios and Karabetsos,
               Sotiris and Kandris, Dionisis",
  journal   = "Future internet",
  publisher = "MDPI AG",
  volume    =  11,
  number    =  4,
  pages     = "94",
  month     =  apr,
  year      =  2019,
  language  = "en"
}
@BOOK{Burkov2019-rd,
  title     = "The hundred-page machine learning book",
  author    = "Burkov, Andriy",
  month     =  jan,
  year      =  2019,
  publisher = "Andriy Burkov"
}

@ARTICLE{Samuel1959-rx,
  title     = "Some studies in machine learning using the game of checkers",
  author    = "Samuel, A L",
  journal   = "IBM J. Res. Dev.",
  publisher = "IBM",
  volume    =  3,
  number    =  3,
  pages     = "210--229",
  month     =  jul,
  year      =  1959
}

@misc{Goodfellow2016,
  doi = {10.48550/ARXIV.1701.00160},
  url = {https://arxiv.org/abs/1701.00160},
  author = {Goodfellow, Ian},
  keywords = {Machine Learning (cs.LG), FOS: Computer and information sciences, FOS: Computer and information sciences},
  title = {NIPS 2016 Tutorial: Generative Adversarial Networks},
  publisher = {arXiv},
  year = {2017},
  copyright = {arXiv.org perpetual, non-exclusive license}
}

@ARTICLE{Voulodimos2018-hj,
  title     = "Deep Learning for Computer Vision: A Brief Review",
  author    = "Voulodimos, Athanasios and Doulamis, Nikolaos and Doulamis,
               Anastasios and Protopapadakis, Eftychios",
  journal   = "Computational Intelligence and Neuroscience",
  publisher = "Hindawi",
  volume    =  2018,
  pages     = "7068349",
  month     =  feb,
  year      =  2018
}

@ARTICLE{Liter1998-bk, 
  title     = "An introduction to object recognition",
  author    = "Liter, J C and B{\"u}lthoff, H H",
  journal   = "Z. Naturforsch. C",
  publisher = "Walter de Gruyter GmbH",
  volume    =  53,
  number    = "7-8",
  pages     = "610--621",
  month     =  jul,
  year      =  1998,
  language  = "en"
}

@inproceedings{Mutihac2005PARADIGMSIO, 
  title={PARADIGMS IN OBJECT RECOGNITION},
  author={Radu Mutihac},
  year={2005}
}

@ARTICLE{Varadarajan2021-po, 
  title     = "An efficient deep convolutional neural network approach for
               object detection and recognition using a multi-scale anchor box
               in real-time",
  author    = "Varadarajan, Vijayakumar and Garg, Dweepna and Kotecha, Ketan",
  journal   = "Future internet",
  publisher = "MDPI AG",
  volume    =  13,
  number    =  12,
  pages     = "307",
  month     =  nov,
  year      =  2021,
  copyright = "https://creativecommons.org/licenses/by/4.0/",
  language  = "en"
}

@ARTICLE{Goyal2014-xk, 
  title         = "Object recognition using Deep Neural Networks: A survey",
  author        = "Goyal, Soren and Benjamin, Paul",
  month         =  dec,
  year          =  2014,
  copyright     = "http://arxiv.org/licenses/nonexclusive-distrib/1.0/",
  archivePrefix = "arXiv",
  primaryClass  = "cs.CV",
  eprint        = "1412.3684"
}

@ARTICLE{Voulodimos2018-cu,
  title    = "Deep learning for computer vision: A brief review",
  author   = "Voulodimos, Athanasios and Doulamis, Nikolaos and Doulamis,
              Anastasios and Protopapadakis, Eftychios",
  journal  = "Comput. Intell. Neurosci.",
  volume   =  2018,
  pages    = "7068349",
  month    =  feb,
  year     =  2018,
  language = "en"
}

@ARTICLE{Radovic2017-la, 
  title     = "Object recognition in aerial images using convolutional neural
               networks",
  author    = "Radovic, Matija and Adarkwa, Offei and Wang, Qiaosong",
  journal   = "J. Imaging",
  publisher = "MDPI AG",
  volume    =  3,
  number    =  2,
  pages     = "21",
  month     =  jun,
  year      =  2017
}

@ARTICLE{Bamba2021-kd,
  title     = "Object and anatomical feature recognition in surgical video
               images based on a convolutional neural network",
  author    = "Bamba, Yoshiko and Ogawa, Shimpei and Itabashi, Michio and
               Shindo, Hironari and Kameoka, Shingo and Okamoto, Takahiro and
               Yamamoto, Masakazu",
  journal   = "Int. J. Comput. Assist. Radiol. Surg.",
  publisher = "Springer Science and Business Media LLC",
  volume    =  16,
  number    =  11,
  pages     = "2045--2054",
  month     =  nov,
  year      =  2021,
  keywords  = "Computer vision; Convolutional neural network; Image-guided
               navigation technology; Object detection; Surgical education",
  language  = "en"
}


@ARTICLE{Horvath2020-qh,
  title         = "Manipulation detection in satellite images using deep belief
                   networks",
  author        = "Horv{\'a}th, J{\'a}nos and Montserrat, Daniel Mas and Hao,
                   Hanxiang and Delp, Edward J",
  month         =  apr,
  year          =  2020,
  copyright     = "http://arxiv.org/licenses/nonexclusive-distrib/1.0/",
  archivePrefix = "arXiv",
  primaryClass  = "eess.IV",
  eprint        = "2004.12441"
}

@ARTICLE{Wu2020-kx,
  title     = "Multi-label active learning algorithms for image classification:
               Overview and future promise",
  author    = "Wu, Jian and Sheng, Victor S and Zhang, Jing and Li, Hua and
               Dadakova, Tetiana and Swisher, Christine Leon and Cui, Zhiming
               and Zhao, Pengpeng",
  journal   = "ACM Comput. Surv.",
  publisher = "Association for Computing Machinery (ACM)",
  volume    =  53,
  number    =  2,
  pages     = "1--35",
  month     =  jun,
  year      =  2020,
  keywords  = "Additional Key Words and Phrases; Image classification; active
               learning; annotation; multi-label image; sampling strategy",
  copyright = "http://www.acm.org/publications/policies/copyright\_policy\#Background",
  language  = "en"
}

@BOOK{Russell2020-tt,
  title     = "Artificial intelligence",
  author    = "Russell, Stuart and Norvig, Peter",
  publisher = "Pearson",
  edition   =  4,
  month     =  nov,
  year      =  2020,
  address   = "Upper Saddle River, NJ"
}

@ARTICLE{Gowda2019-rd,
  title         = "{ColorNet}: Investigating the importance of color spaces for
                   image classification",
  author        = "Gowda, Shreyank N and Yuan, Chun",
  month         =  feb,
  year          =  2019,
  copyright     = "http://arxiv.org/licenses/nonexclusive-distrib/1.0/",
  archivePrefix = "arXiv",
  primaryClass  = "cs.CV",
  eprint        = "1902.00267"
}

@article{10.3745/JIPS.2009.5.2.041,
  author    = {JafriRabia and ArabniaHamid R.},
  title     = {A Survey of Face Recognition Techniques},
  journal   = {Journal of Information Processing Systems},
  publisher = {한국정보처리학회},
  volume    = {5},
  number    = {2},
  pages     = {41-68},
  year      = 2009,
  month     = 06
}
